@article {Williams5738,
  author = {Williams, John W. and Jackson, Stephen T. and Kutzbach, John E.},
  title = {Projected distributions of novel and disappearing climates by 2100 AD},
  volume = {104},
  number = {14},
  pages = {5738--5742},
  year = {2007},
  doi = {10.1073/pnas.0606292104},
  publisher = {National Academy of Sciences},
  issn = {0027-8424},
  URL = {https://www.pnas.org/content/104/14/5738},
  eprint = {https://www.pnas.org/content/104/14/5738.full.pdf},
  journal = {Proceedings of the National Academy of Sciences}
}


@article{Mahony2017,
author = {Mahony, Colin R. and Cannon, Alex J. and Wang, Tongli and Aitken, Sally N.},
doi = {10.1111/gcb.13645},
isbn = {1365-2486},
issn = {13652486},
journal = {Global Change Biology},
title = {{A closer look at novel climates: new methods and insights at continental to landscape scales}},
year = {2017}
}



@article{Multivariate2018,
author = {Multivariate, Title},
journal = {Matching},
title = {Package ``Matching’’},
year = {2018}
}

@article{Ho2011,
author = {Ho, Daniel E and Imai, Kosuke and King, Gary and Stuart, Elizabeth A},
journal = {Matching},
number = {617},
title = {MatchIt : Nonparametric Preprocessing for Parametric Causal Inference 1},
year = {2011}
}

@article{Imai2018,
author = {Imai, Kosuke and King, Gary and Stuart, Elizabeth and Whitworth, Alex},
doi = {10.1093/pan/mpl013>.Maintainer},
journal = {Matching},
title = {{Package ‘ MatchIt '}},
year = {2018}
}

@article{Sekhon2011,
author = {Sekhon, Jasjeet S.},
journal = {Journal of Statistical Software},
number = {7},
title = {{Multivariate and Propensity Score Matching}},
volume = {42},
year = {2011}
}

@article{Way2007,
author = {Way, Nathan Abbott and King, Gary and Stuart, Elizabeth A},
doi = {10.1093/pan/mpl013},
journal = {Matching},
pages = {199--236},
title = {{Matching as Nonparametric Preprocessing for Reducing Model Dependence in Parametric Causal Inference}},
year = {2007}
}

@article{Ho2011,
author = {Ho, Daniel E. and Imai, Kosuke and King, Gary and Stuart, Elizabeth A.},
isbn = {1548-7660},
issn = {1548-7660},
journal = {Journal of Statistical Software},
number = {8},
title = {MatchIt: Nonparametric Preprocessing for Parametric Causal Inference},
volume = {42},
year = {2011}
}

@article{Way2007,
author = {Ho, Daniel E. and Imai, Kosuke and King, Gary and Stuart, Elizabeth A.},
isbn = {1047198714764989},
issn = {10471987},
journal = {Political Analysis},
number = {3},
pages = {199--236},
title = {Matching as nonparametric preprocessing for reducing model dependence in parametric causal inference},
volume = {15},
year = {2007}
}

@inproceedings{Yang2004,
author = {Yang, Kiyoung and Shahabi, Cyrus},
booktitle = {Proceedings of the 2nd ACM international workshop on Multimedia databases  - MMDB '04},
doi = {10.1145/1032604.1032616},
isbn = {1581139756},
issn = {0144-8420},
title = {A PCA-based similarity measure for multivariate time series},
year = {2004}
}

@article{Baldocchi2008,
author={Baldocchi, Dennis and Wong, Simon},
title={Accumulated winter chill is decreasing in the fruit growing regions of California},
journal={Climatic Change},
year={2008},
month={Mar},
day={01},
volume={87},
number={1},
pages={153--166},
issn={1573-1480},
doi={10.1007/s10584-007-9367-8},
url={https://doi.org/10.1007/s10584-007-9367-8}
}

@article{Luedeling2012,
author = {Luedeling, Eike and Neufeldt, Henry},
doi = {10.1007/s10584-012-0438-0},
isbn = {1058401204380},
issn = {01650009},
journal = {Climatic Change},
title = {{Carbon sequestration potential of parkland agroforestry in the Sahel}},
year = {2012}
}

@article{Bos2015,
author = {Bos, Swen P. M. and Pagella, Tim and Kindt, Roeland and Russell, Aaron J. M. and Luedeling, Eike},
doi = {10.3389/fenvs.2015.00065},
isbn = {2296-665X},
issn = {2296-665X},
journal = {Frontiers in Environmental Science},
title = {{Climate analogs for agricultural impact projection and adaptation—a reliability test}},
year = {2015}
}

@article{Marzban,
author = {Marzban, Caren and Sandgathe, Scott},
title = {Cluster Analysis for Verification of Precipitation Fields},
journal = {Weather and Forecasting},
volume = {21},
number = {5},
pages = {824-838},
year = {2006},
doi = {10.1175/WAF948.1},
URL = {https://doi.org/10.1175/WAF948.1},
eprint = {https://doi.org/10.1175/WAF948.1}
}
