@article{Ferguson2011,
author = {Ferguson, John C and Tarara, Julie M and Mills, Lynn J and Grove, Gary G and Keller, Markus},
doi = {10.1093/aob/mcq263},
journal = {Annals of Botany},
pages = {389--396},
title = {Dynamic thermal time model of cold hardiness for dormant grapevine buds},
year = {2011}
}

@article{S2016,
author = {Badr, Golnaz},
journal = {Washington State University - Dissertation},
title = {Satial sustainibility analysis for site selection of vineyard using biophysical models and computeational intelligence},
year = {2016}
}

@article{Jones2012,
author = {Jones, G. V. and Alves, Fernando},
isbn = {5415526439},
issn = {0002-9254},
journal = {Am. J. Enol. Vitic.},
number = {3},
pages = {1-4},
title = {Spatial Analysis of Climate in Winegrape Growing Regions in Portugal},
volume = {61},
year = {2012}
}

@article{Ferguson2014,
author = {Ferguson, John C. and Moyer, Michelle M. and Mills, Lynn J. and Hoogenboom, Gerrit and Keller, Markus},
doi = {10.5344/ajev.2013.13098},
isbn = {0002-9254},
issn = {00029254},
journal = {Am. J. Enol. Vitic},
number = {1},
pages = {59--71},
title = {Modeling dormant bud cold hardiness and Budbreak in twenty-three Vitis genotypes reveals variation by region of origin},
volume = {65},
year = {2014}
}
@article{Eeting2003,
author = {Eeting, M and Eattle, S and Ashington, W and Ovember, N and Jones, Gregory V},
journal = {Geoscience Canada},
title = {Paper 4 from the “terroir , geology and wine: A Tribute to Simon J . Haynes” session held at the geological society of American annual change on wine},
year = {2003}
}
