@misc{Landsat7NDVIComposite,
title = {Landsat-7 8-day {NDVI} Composite},
howpublished = "\url{https://developers.google.com/earth-engine/datasets/catalog/LANDSAT_LE07_C01_T1_8DAY_NDVI}",
note = "[Online; accessed \today]",
year = {}
}


@misc{Landsat457CloudMask,
title = {Landsat-4-7 Cloud Mask},
howpublished="\url{https://developers.google.com/earth-engine/datasets/catalog/LANDSAT_LE07_C01_T2_SR
}",
note = "[Online; accessed \today]",
year = {}
}

@misc{LandsatTimelines,
title = {Landsat Timelines},
howpublished = "\url{https://landsat.gsfc.nasa.gov/about/landsat-timeline}",
note = "[Online; accessed \today]",
year = {}
}

@misc{LandsatTimelinesWiki,
title = {Landsat Timelines from {W}ikipedia},
howpublished = "\url{https://en.wikipedia.org/wiki/Landsat_program}",
note = "[Online; accessed \today]",
year = {}
}


@misc{Landsat8CloudMask,
title = {Landsat-8 Cloud Mask},
howpublished = "\url{https://developers.google.com/earth-engine/datasets/catalog/LANDSAT_LC08_C01_T2_SR#bands}",
note = "[Online; accessed \today]",
year = {}
}

@misc{Landsat8EVI,
title = {Landsat-8 {EVI}},
howpublished = "\url{https://www.usgs.gov/core-science-systems/nli/landsat/landsat-enhanced-vegetation-index?qt-science_support_page_related_con=0#qt-science_support_page_related_con}",
note = "[Online; accessed \today]",
year = {}
}

@misc{Landsat4NDVI,
title = {Landsat-4 {NDVI}},
howpublished = "\url{https://www.usgs.gov/core-science-systems/nli/landsat/landsat-normalized-difference-vegetation-index?qt-science_support_page_related_con=0#qt-science_support_page_related_con}",
note = "[Online; accessed \today]",
year = {}
}

@misc{L8BandNames,
title = {Landsat-8 Band Names},
howpublished = "\url{https://www.usgs.gov/faqs/what-are-band-designations-landsat-satellites?qt-news_science_products=0#qt-news_science_products}",
note = "[Online; accessed \today]",
year = {}
}
