
@Article{rs11070820,
TITLE = {{Mapping Winter Crops in China with Multi-Source Satellite Imagery and Phenology-Based Algorithm}},
AUTHOR = {Tian, Haifeng and Huang, Ni and Niu, Zheng and Qin, Yuchu and Pei, Jie and Wang, Jian},
JOURNAL = {Remote Sensing},
VOLUME = {11},
YEAR = {2019},
NUMBER = {7},
ARTICLENUMBER = {820},
URL = {https://www.mdpi.com/2072-4292/11/7/820},
ISSN = {2072-4292},
DOI = {10.3390/rs11070820}
}



@misc{ShapeFileOnDrive,
title = {ShapeFile On {G}oogle {D}rive},
howpublished = "\url{https://drive.google.com/drive/folders/11X_NCDw8ZKVR7dNa2j_8wEU_VQ5oOgPd?usp=sharing}",
note = "[Online; accessed \today]",
year = {}
}


@misc{MiniTutorialOnGitHub,
title = {Mini {T}utorial on {G}itHub},
howpublished = "\url{https://github.com/HNoorazar/Ag/tree/master/remote_sensing_for_others}",
note = "[Online; accessed \today]",
year = {}
}



@misc{GEEMiniTutorialRepoonEE,
title = {{GEE} {M}ini {T}utorial {R}epo on {E}arth {E}ngine},
howpublished = "\url{https://code.earthengine.google.com/?accept_repo=users/hnoorazar/GEE_Mini_Tutorial}",
note = "[Online; accessed \today]",
year = {}
}


@misc{FullCodeLandsat8,
title = {Full {C}ode {E}xample; {L}andsat-8},
howpublished = "\url{https://code.earthengine.google.com/?scriptPath=users\%2Fhnoorazar\%2FGEE_Mini_Tutorial\%3ALandsat8_C2L2_NDVI}",
note = "[Online; accessed \today]",
year = {}
}

@misc{MaskCloudShadowScaleprepSrL8,
title = {{Compositing and Mosaicking}},
howpublished = "\url{https://developers.google.com/earth-engine/guides/ic_composite_mosaic}",
note = "[Online; accessed \today]",
year = {}
}



@misc{FullCodeSentinel,
title = {{Full Code Example; Sentinel-2}},
howpublished = "\url{https://code.earthengine.google.com/?scriptPath=users\%2Fhnoorazar\%2FGEE_Mini_Tutorial\%3ASentinel_NDVI}",
note = "[Online; accessed \today]",
year = {}
}


@misc{C1Describe,
title = {Landsat Collection-1 Description},
howpublished = "\url{https://www.usgs.gov/core-science-systems/nli/landsat/landsat-collection-1?qt-science_support_page_related_con=1\#qt-science_support_page_related_con
}",
note = "[Online; accessed \today]",
year = {}
}


@misc{C2L2Describe,
title = {Collection-2 {L}evel-2 {D}escription},
howpublished = "\url{https://www.usgs.gov/core-science-systems/nli/landsat/landsat-collection-2-level-2-science-products}",
note = "[Online; accessed \today]",
year = {}
}

@misc{C2L1Describe,
title = {Collection-2 {L}evel-1 {D}escription},
howpublished = "\url{https://www.usgs.gov/core-science-systems/nli/landsat/landsat-collection-2-level-1-data?qt-science_support_page_related_con=1\#qt-science_support_page_related_con}",
note = "[Online; accessed \today]",
year = {}
}

@misc{Landsat7T1SRBandWidths,
title = {{L}andsat-7 {T}ier-1 {S}urface {R}eflectance {B}andwidths},
howpublished = "\url{https://developers.google.com/earth-engine/datasets/catalog/LANDSAT_LE07_C01_T1_SR?hl=da}",
note = "[Online; accessed \today]",
year = {}
}



@misc{SentinelBandwidths,
title = {{S}entinel {B}andwidths},
howpublished = "\url{https://en.wikipedia.org/wiki/Sentinel-2}",
note = "[Online; accessed \today]",
year = {}
}


@misc{CloudandMaskingFunctionsonMyGEE,
title = {Cloud masking functions on {GEE} - a part of this mini-tutorial},
howpublished = "\url{https://code.earthengine.google.com/?scriptPath=users\%2Fhnoorazar\%2FGEE_Mini_Tutorial\%3ACloudMaskings}",
note = "[Online; accessed \today]",
year = {}
}




@misc{CloudandShadowSentinel,
title = {Cloud and shadow masking in {S}entinel},
howpublished = "\url{https://developers.google.com/earth-engine/tutorials/community/sentinel-2-s2cloudless}",
note = "[Online; accessed \today]",
year = {}
}




@misc{Landsat7NDVIComposite,
title = {Landsat-7 8-day {NDVI} Composite},
howpublished = "\url{https://developers.google.com/earth-engine/datasets/catalog/LANDSAT_LE07_C01_T1_8DAY_NDVI}",
note = "[Online; accessed \today]",
year = {}
}


@misc{Landsat457CloudMask,
title = {Cloud cleaning in {L}andsat4-7},
howpublished = "\url{https://developers.google.com/earth-engine/datasets/catalog/LANDSAT_LE07_C01_T2_SR}",
note = "[Online; accessed \today]",
year = {}
}


@misc{LandsatTimelines,
title = {Landsat Timelines},
howpublished = "\url{https://landsat.gsfc.nasa.gov/about/landsat-timeline}",
note = "[Online; accessed \today]",
year = {}
}

@misc{LandsatTimelinesWiki,
title = {Landsat Timelines from {W}ikipedia},
howpublished = "\url{https://en.wikipedia.org/wiki/Landsat_program}",
note = "[Online; accessed \today]",
year = {}
}


@misc{Landsat8CloudMask,
title = {Landsat-8 Cloud Mask},
howpublished = "\url{https://developers.google.com/earth-engine/datasets/catalog/LANDSAT_LC08_C01_T2_SR\#bands}",
note = "[Online; accessed \today]",
year = {}
}

@misc{Landsat8EVI,
title = {Landsat-8 {EVI}},
howpublished = "\url{https://www.usgs.gov/core-science-systems/nli/landsat/landsat-enhanced-vegetation-index?qt-science_support_page_related_con=0\#qt-science_support_page_related_con}",
note = "[Online; accessed \today]",
year = {}
}

@misc{Landsat4NDVI,
title = {Landsat-4 {NDVI}},
howpublished = "\url{https://www.usgs.gov/core-science-systems/nli/landsat/landsat-normalized-difference-vegetation-index?qt-science_support_page_related_con=0\#qt-science_support_page_related_con}",
note = "[Online; accessed \today]",
year = {}
}

@misc{L8BandNames,
title = {Landsat-8 Band Names},
howpublished = "\url{https://www.usgs.gov/faqs/what-are-band-designations-landsat-satellites?qt-news_science_products=0\#qt-news_science_products}",
note = "[Online; accessed \today]",
year = {}
}
